@misc{oracle_java,
  title = {Oracle Java Documentation},
  author = {docs.oracle.com},
  howpublished = {\url{https://docs.oracle.com/en/java/}},
  note = {Dostęp: 2023-10-15}
}

@misc{sqlite_doc,
  title = {SQLite Documentation},
  author = {sqlite.org},
  howpublished = {\url{https://www.sqlite.org/docs.html}},
  note = {Dostęp: 2023-10-15}
}

@misc(BigDecimal,
  title={BigDecimal Documentation},
  author={docs.oracle.com},
  howpublished = {https://docs.oracle.com/javase/8/docs/api/java/math/BigDecimal.html},
  note={Dostęp: 2023-10-15}
)